
@article{jacobson_fast_2012,
    title={Fast automatic skinning transformations},
    volume={31},
    DOI={10.1145/2185520.2335428},
    number={4},
    journal={ACM Transactions on Graphics},
    author={Jacobson, Alec and Baran, Ilya and Kavan, Ladislav and PopoviÄ‡, Jovan and Sorkine, Olga},
    year={2012},
    pages={1-10}
}



@article{SaeediMEJ10,
    author = {Mehdi Saeedi and Morteza Saheb Zamani and Mehdi Sedighi},
    title = {A library-based synthesis methodology for reversible logic},
    journal = {Microelectron. J.},
    volume = {41},
    number = {4},
    month = apr,
    year = {2010},
    pages = {185--194},
}
